Date,US - SPX,PE_RATIO,PX_TO_BOOK_RATIO,PX_TO_SALES_RATIO,EARN_YLD,DIV_YLD,earnings,sales
1986-01-31,100.0,100.0,,,100.0,100.0,100.0,
1986-02-28,107.14892788597395,100.0,,,100.0,104.46194225721784,100.06957328385899,
1986-03-31,112.80573957574256,100.0,,,100.0,109.44881889763779,100.32467532467533,
1986-04-30,111.20974862121153,122.43060765191298,,,118.26666666666667,111.28608923884515,100.92764378478665,
1986-05-31,116.79573497461742,122.1305326331583,,,118.13333333333334,111.28608923884515,100.92764378478665,
1986-06-30,118.44366691082075,122.1305326331583,,,118.13333333333334,113.38582677165356,100.97402597402598,
1986-07-31,111.49305717168134,122.1305326331583,,,118.13333333333334,111.0236220472441,101.2987012987013,
1986-08-31,119.43053835757557,124.15603900975245,,,119.46666666666667,111.0236220472441,101.2987012987013,
1986-09-30,109.2265599478472,124.15603900975245,,,119.46666666666667,109.44881889763779,101.2987012987013,
1986-10-31,115.20445610248532,120.93023255813955,,,117.33333333333333,108.92388451443568,100.37105751391466,
1986-11-30,117.67872445802767,120.93023255813955,,,117.33333333333333,108.92388451443568,100.37105751391466,
1986-12-31,114.3497967536202,128.80720180045014,,,122.39999999999999,112.5984251968504,98.49257884972171,
1987-01-31,129.41731426577903,128.80720180045014,,,122.39999999999999,112.5984251968504,98.49257884972171,
1987-02-28,134.19587016959318,128.80720180045014,,,122.39999999999999,112.5984251968504,98.49257884972171,
1987-03-31,137.73728108810772,128.80720180045014,,,122.39999999999999,125.19685039370079,101.25231910946198,
1987-04-30,136.1601600782292,145.91147786946738,,,131.4666666666667,123.88451443569554,99.21150278293136,
1987-05-31,136.98177721015037,148.08702175543885,,,132.39999999999998,123.88451443569554,99.21150278293136,
1987-06-30,143.54518923045643,156.78919729932483,,,136.26666666666665,125.7217847769029,95.50092764378479,
1987-07-31,150.46746883505077,156.11402850712676,,,136.0,127.55905511811024,98.42300556586271,
1987-08-31,155.7276370261313,156.11402850712676,,,136.0,131.49606299212599,101.06679035250463,
1987-09-30,151.964297113655,150.7126781695424,,,133.6,128.60892388451444,103.66419294990725,
1987-10-31,118.89224418616213,128.13203300825205,,,121.86666666666667,128.60892388451444,103.66419294990725,
1987-11-30,108.7449260455239,128.13203300825205,,,121.86666666666667,106.03674540682415,110.43599257884973,
1987-12-31,116.6682421641456,103.30082520630157,,,103.2,103.93700787401573,113.98423005565863,
1988-01-31,121.38540410141381,103.30082520630157,,,103.2,103.93700787401573,113.98423005565863,
1988-02-29,126.46142641795133,106.22655663915978,,,105.86666666666667,109.44881889763779,118.1122448979592,
1988-03-31,122.24478994271577,107.20180045011251,,,106.66666666666667,111.54855643044618,119.94434137291282,
1988-04-30,123.39691570430429,107.20180045011251,,,106.66666666666667,111.54855643044618,119.94434137291282,
1988-05-31,123.78883991557447,107.20180045011251,,,106.66666666666667,106.29921259842521,132.0500927643785,
1988-06-30,129.14345149516393,93.69842460615155,,,93.19999999999999,110.498687664042,138.03339517625233,
1988-07-31,128.44460788629672,91.6729182295574,,,90.93333333333334,110.498687664042,138.03339517625233,
1988-08-31,123.48663260037635,88.3720930232558,,,86.79999999999998,106.56167979002625,141.34972170686459,
1988-09-30,128.3926741096434,88.44711177794447,,,86.93333333333332,107.3490813648294,142.6252319109462,
1988-10-31,131.72632110146873,88.44711177794447,,,86.93333333333332,109.71128608923884,144.29499072356217,
1988-11-30,129.23789488367282,86.7966991747937,,,84.79999999999998,106.56167979002625,146.31261595547312,
1988-12-31,131.13608594838294,87.3218304576144,,,85.46666666666667,106.56167979002625,146.31261595547312,
1989-01-31,140.46180136713792,87.3218304576144,,,85.46666666666667,109.44881889763779,149.93042671614103,
1989-02-28,136.39625413946354,89.79744936234059,,,88.66666666666667,111.28608923884515,151.80890538033393,
1989-03-31,139.23410936671198,87.99699924981246,,,86.26666666666667,110.23622047244095,153.40909090909093,
1989-04-30,146.20833715799756,87.99699924981246,,,86.26666666666667,110.23622047244095,153.40909090909093,
1989-05-31,151.34573182602415,93.69842460615155,,,93.19999999999999,114.1732283464567,152.5974025974026,
1989-06-30,150.1463843701812,96.32408102025506,,,96.13333333333334,116.01049868766404,152.75974025974028,
1989-07-31,163.4148590835187,96.32408102025506,,,96.13333333333334,117.06036745406824,149.30426716141,
1989-08-31,165.95052140560696,107.42685671417856,,,106.93333333333332,119.68503937007874,145.9879406307978,
1989-09-30,164.86448007790645,109.97749437359342,,,109.06666666666666,119.68503937007874,145.9879406307978,
1989-10-31,160.71394244659675,109.97749437359342,,,109.06666666666666,118.11023622047244,140.14378478664193,
1989-11-30,163.3723638817011,110.27756939234807,,,109.33333333333334,115.48556430446195,138.1725417439703,
1989-12-31,166.871279598398,114.32858214553639,,,112.53333333333335,115.48556430446195,138.1725417439703,
1990-01-31,155.3876610015524,114.32858214553639,,,112.53333333333335,113.91076115485565,132.58348794063082,
1990-02-28,156.71452288292406,112.30307576894222,,,110.93333333333334,110.76115485564306,129.61502782931356,
1990-03-31,160.5156315047812,117.17929482370593,,,114.66666666666666,110.76115485564306,129.61502782931356,
1990-04-30,156.19982514859993,117.17929482370593,,,114.66666666666666,111.28608923884515,125.57977736549167,
1990-05-31,170.56852066694844,122.80570142535635,,,118.53333333333332,113.38582677165356,124.48979591836735,
1990-06-30,169.05278641859692,127.15678919729932,,,121.33333333333333,113.38582677165356,124.48979591836735,
1990-07-31,168.16979693518667,127.15678919729932,,,121.33333333333333,114.43569553805774,123.46938775510206,
1990-08-31,152.3089996306707,115.00375093773442,,,113.06666666666668,106.56167979002625,123.26066790352506,
1990-09-30,144.5131691175019,115.00375093773442,,,113.06666666666668,106.56167979002625,123.26066790352506,
1990-10-31,143.54518923045643,106.60165041260316,,,106.13333333333334,98.16272965879264,121.6604823747681,
1990-11-30,152.14845739823596,110.12753188297073,,,109.2,100.0,120.6400742115028,
1990-12-31,155.9259623779848,110.12753188297073,,,109.2,103.41207349081365,119.8747680890538,
1991-01-31,162.3996575022188,110.12753188297073,,,109.2,102.36220472440945,118.43692022263453,
1991-02-28,173.32609757296058,128.9572393098275,,,122.39999999999999,112.33595800524935,117.50927643784787,
1991-03-31,177.1744278890721,133.3833458364591,,,125.06666666666668,112.33595800524935,117.50927643784787,
1991-04-30,177.23108815816227,139.38484621155288,,,128.26666666666668,116.2729658792651,113.58998144712432,
1991-05-31,184.07308944152027,142.38559639909977,,,129.73333333333335,115.74803149606299,110.41280148423004,
1991-06-30,175.2573452646526,142.38559639909977,,,129.73333333333335,115.74803149606299,110.41280148423004,
1991-07-31,183.1192746217473,151.08777194298574,,,133.73333333333335,115.74803149606299,104.19758812615956,
1991-08-31,186.71734580935205,159.18979744936232,,,137.2,115.74803149606299,104.19758812615956,
1991-09-30,183.14287826385558,159.18979744936232,,,137.2,116.7979002624672,97.63450834879407,
1991-10-31,185.31023442681987,168.7171792948237,,,140.66666666666666,116.7979002624672,94.10946196660483,
1991-11-30,177.1744278890721,174.56864216054012,,,142.66666666666666,116.7979002624672,94.10946196660483,
1991-12-31,196.9449422712266,174.56864216054012,,,142.66666666666666,117.58530183727034,87.05936920222635,
1992-01-31,193.0210601263155,174.56864216054012,,,142.66666666666666,122.83464566929135,87.31447124304268,
1992-02-29,194.87204390680915,174.56864216054012,,,142.66666666666666,122.83464566929135,87.31447124304268,
1992-03-31,190.61762431215487,174.56864216054012,,,142.66666666666666,120.4724409448819,87.36085343228201,
1992-04-30,195.9344671823635,185.52138034508627,,,146.13333333333333,120.73490813648294,88.77551020408164,
1992-05-31,196.12333954934337,185.6714178544636,,,146.13333333333333,120.73490813648294,88.77551020408164,
1992-06-30,192.71886722115534,179.66991747936984,,,144.26666666666665,120.73490813648294,91.41929499072357,
1992-07-31,200.306919397597,179.14478619654912,,,144.13333333333333,122.04724409448818,92.9730983302412,
1992-08-31,195.5000477692757,179.14478619654912,,,144.13333333333333,122.30971128608924,94.48051948051949,
1992-09-30,197.28019180336872,174.04351087771943,,,142.53333333333333,122.30971128608924,95.96474953617812,
1992-10-31,197.69571965674714,168.26706676669167,,,140.53333333333333,122.30971128608924,95.96474953617812,
1992-11-30,203.67834950884105,168.26706676669167,,,140.53333333333333,123.0971128608924,99.1883116883117,
1992-12-31,205.737082805986,171.19279819954988,,,141.6,125.45931758530185,101.11317254174399,
1993-01-31,207.18670380037372,171.19279819954988,,,141.6,125.45931758530185,101.11317254174399,
1993-02-28,209.35877204573688,169.16729182295575,,,140.79999999999998,125.45931758530185,101.11317254174399,
1993-03-31,213.27321561581223,170.21755438859716,,,141.2,127.29658792650919,103.84972170686457,
1993-04-30,207.85249078225903,169.0172543135784,,,140.79999999999998,125.98425196850394,102.6669758812616,
1993-05-31,212.57437200694505,169.0172543135784,,,140.79999999999998,125.98425196850394,102.6669758812616,
1993-06-30,212.73491423937983,173.8934733683421,,,142.53333333333333,126.77165354330708,100.626159554731,
1993-07-31,211.60166562746275,170.44261065266315,,,141.33333333333334,126.77165354330708,100.626159554731,
1993-08-31,218.88752489874426,170.44261065266315,,,141.33333333333334,127.55905511811024,104.08163265306123,
1993-09-30,216.70129158610857,168.79219804951236,,,140.79999999999998,128.3464566929134,105.72820037105753,
1993-10-31,220.90376299407154,166.46661665416354,,,139.86666666666667,128.3464566929134,105.72820037105753,
1993-11-30,218.0517571095885,162.26556639159787,,,138.4,128.8713910761155,110.3200371057514,
1993-12-31,220.25215548949677,159.71492873218304,,,137.33333333333331,129.13385826771653,112.84786641929499,
1994-01-31,227.41051474528743,159.71492873218304,,,137.33333333333331,129.9212598425197,113.96103896103898,
1994-02-28,220.5779664468031,157.6894223555889,,,136.53333333333333,129.39632545931758,114.95825602968462,
1994-03-31,210.48729416521712,153.18829707426858,,,134.66666666666666,128.08398950131232,115.9786641929499,
1994-04-30,212.91434803152396,153.18829707426858,,,134.66666666666666,128.08398950131232,115.9786641929499,
1994-05-31,215.55387790691896,153.18829707426858,,,134.66666666666666,125.45931758530185,124.18831168831169,
1994-06-30,209.7790119815142,135.40885221305328,,,126.13333333333333,125.98425196850394,127.99165120593692,
1994-07-31,216.38493361367583,130.6826706676669,,,123.46666666666667,125.98425196850394,127.99165120593692,
1994-08-31,224.52072574138566,130.83270817704425,,,123.6,127.03412073490814,134.2996289424861,
1994-09-30,218.4861621126384,128.20705176294075,,,122.00000000000001,127.29658792650919,137.5,
1994-10-31,223.0380625300539,128.20705176294075,,,122.00000000000001,126.50918635170603,142.90352504638219,
1994-11-30,214.2270304355852,117.17929482370593,,,114.66666666666666,125.45931758530185,148.1679035250464,
1994-12-31,216.86183381854335,111.62790697674419,,,110.39999999999999,125.45931758530185,148.1679035250464,
1995-01-31,222.12674291209865,111.62790697674419,,,110.39999999999999,125.7217847769029,156.28478664192951,
1995-02-28,230.13977592679237,113.35333833458363,,,111.73333333333333,128.3464566929134,158.90538033395177,
1995-03-31,236.4293107664454,113.65341335333834,,,112.0,129.9212598425197,161.59554730983305,
1995-04-30,243.03995889104382,113.65341335333834,,,112.0,129.9212598425197,161.59554730983305,
1995-05-31,251.8651560527851,116.27906976744187,,,114.0,133.33333333333334,166.95269016697586,
1995-06-30,257.2244797147735,117.55438859714928,,,114.93333333333334,134.90813648293965,169.71243042671617,
1995-07-31,265.398054961902,117.55438859714928,,,114.93333333333334,136.74540682414698,170.9415584415584,
1995-08-31,265.3130645582668,120.10502625656416,,,116.66666666666666,136.48293963254594,171.7300556586271,
1995-09-30,275.951447971045,123.40585146286571,,,118.93333333333334,136.48293963254594,171.7300556586271,
1995-10-31,274.5773932154948,123.40585146286571,,,118.93333333333334,138.58267716535434,170.06029684601114,
1995-11-30,285.84852139321436,130.00750187546885,,,123.06666666666666,139.63254593175853,168.1818181818182,
1995-12-31,290.8348268136798,135.78394598649663,,,126.26666666666667,139.63254593175853,168.1818181818182,
1996-01-31,300.3210988749075,135.78394598649663,,,126.26666666666667,140.68241469816275,165.46846011131726,
1996-02-29,302.4034358141607,143.28582145536387,,,130.13333333333333,143.30708661417322,165.05102040816328,
1996-03-31,304.7974330534856,142.61065266316578,,,129.86666666666667,143.30708661417322,165.05102040816328,
1996-04-30,308.8912960056672,141.41035258814705,,,129.33333333333331,142.51968503937007,165.0974025974026,
1996-05-31,315.95051420058803,143.28582145536387,,,130.13333333333333,143.5695538057743,166.16419294990726,
1996-06-30,316.66352287672777,143.28582145536387,,,130.13333333333333,143.5695538057743,166.16419294990726,
1996-07-31,302.17679473780004,136.9842460615154,,,126.93333333333334,141.2073490813648,168.87755102040816,
1996-08-31,307.8619293570947,139.53488372093022,,,128.26666666666668,141.2073490813648,168.87755102040816,
1996-09-30,324.54907028596864,139.53488372093022,,,128.26666666666668,143.04461942257217,171.47495361781074,
1996-10-31,333.0201263558585,142.5356339084771,,,129.86666666666667,144.88188976377953,175.25510204081633,
1996-11-30,357.4558616936089,145.91147786946738,,,131.4666666666667,144.88188976377953,175.25510204081633,
1996-12-31,349.7686252261836,145.91147786946738,,,131.4666666666667,147.50656167979002,183.5575139146568,
1997-01-31,371.2154016790864,145.91147786946738,,,131.4666666666667,148.81889763779526,185.36641929499075,
1997-02-28,373.4158144690326,145.91147786946738,,,131.4666666666667,150.65616797900265,187.15213358070503,
1997-03-31,357.5030689778254,145.91147786946738,,,131.4666666666667,150.13123359580052,189.05380333951763,
1997-04-30,378.38324273982664,142.08552138034509,,,129.6,148.03149606299212,189.2857142857143,
1997-05-31,400.54775436130603,154.53863465866468,,,135.2,148.03149606299212,189.2857142857143,
1997-06-30,417.9526016386807,154.53863465866468,,,135.2,154.59317585301838,190.14378478664193,
1997-07-31,450.61384600021296,171.04276069017254,,,141.46666666666667,156.95538057742783,190.05102040816328,
1997-08-31,424.71903668320124,171.26781695423853,,,141.6,156.95538057742783,190.05102040816328,
1997-09-30,447.29437848569813,171.26781695423853,,,141.6,156.95538057742783,189.49443413729128,
1997-10-31,431.872698266631,176.89422355588894,,,143.46666666666667,157.48031496062993,187.61595547309835,
1997-11-30,451.12854373453706,176.89422355588894,,,143.46666666666667,157.48031496062993,187.61595547309835,
1997-12-31,458.22551622880087,181.77044261065268,,,144.93333333333334,157.74278215223097,185.08812615955475,
1998-01-31,462.8765865271621,181.77044261065268,,,144.93333333333334,157.74278215223097,185.08812615955475,
1998-02-28,495.48586829196523,181.77044261065268,,,144.93333333333334,157.74278215223097,185.08812615955475,
1998-03-31,520.2332639297873,181.77044261065268,,,144.93333333333334,161.94225721784778,183.23283858998147,
1998-04-30,524.9551451544735,212.00300075018754,,,152.8,162.72965879265092,182.02690166975881,
1998-05-31,515.0722223895388,212.30307576894222,,,152.93333333333334,162.72965879265092,182.02690166975881,
1998-06-30,535.3857646405625,213.35333833458367,,,153.06666666666666,162.20472440944883,179.7077922077922,
1998-07-31,529.167083957348,224.30607651912976,,,155.46666666666667,163.7795275590551,178.13079777365493,
1998-08-31,452.0162597103842,224.30607651912976,,,155.46666666666667,160.62992125984252,176.5769944341373,
1998-09-30,480.22004704300974,201.0502625656414,,,150.26666666666665,158.5301837270341,175.0,
1998-10-31,518.7789452630387,204.0510127531883,,,150.93333333333334,158.5301837270341,175.0,
1998-11-30,549.4522672537508,204.0510127531883,,,150.93333333333334,162.99212598425197,173.42300556586272,
1998-12-31,580.427796559661,236.75918979744935,,,157.73333333333335,164.3044619422572,172.93599257884972,
1999-01-31,604.230815952546,236.75918979744935,,,157.73333333333335,164.3044619422572,172.93599257884972,
1999-02-28,584.724696946095,245.086271567892,,,159.2,164.3044619422572,172.93599257884972,
1999-03-31,607.4086327943354,250.48762190547635,,,160.13333333333333,166.4041994750656,174.83766233766235,
1999-04-30,630.456162719301,255.0637659414854,,,160.8,167.71653543307087,177.55102040816328,
1999-05-31,614.7133692152885,255.0637659414854,,,160.8,167.71653543307087,177.55102040816328,
1999-06-30,648.1773391490325,241.8604651162791,,,158.66666666666666,167.45406824146983,185.5287569573284,
1999-07-31,627.4057882528506,246.66166541635414,,,159.46666666666667,167.45406824146983,185.5287569573284,
1999-08-31,623.4819349280154,246.66166541635414,,,159.46666666666667,167.19160104986878,193.34415584415586,
1999-09-30,605.6804081268579,224.98124531132783,,,155.6,166.9291338582677,196.7996289424861,
1999-10-31,643.5593831178048,215.00375093773445,,,153.46666666666667,166.9291338582677,196.7996289424861,
1999-11-30,655.8268213171149,223.10577644411103,,,155.2,168.50393700787401,208.8821892393321,
1999-12-31,693.7623989370003,222.50562640660166,,,155.06666666666666,169.29133858267716,215.14378478664193,
2000-01-31,658.4474308127246,222.50562640660166,,,155.06666666666666,169.29133858267716,218.6224489795918,
2000-02-29,645.2073150540082,208.25206301575398,,,152.0,168.24146981627297,221.4517625231911,
2000-03-31,707.6116558185499,212.37809452363086,,,152.93333333333334,169.5538057742782,223.7012987012987,
2000-04-30,685.8202200787451,212.37809452363086,,,152.93333333333334,169.5538057742782,223.7012987012987,
2000-05-31,670.7904352508723,206.22655663915975,,,151.46666666666667,169.0288713910761,226.13636363636368,
2000-06-30,686.8448314148048,211.25281320330083,,,152.66666666666666,170.07874015748033,226.36827458256033,
2000-07-31,675.6209105213019,211.25281320330083,,,152.66666666666666,170.34120734908137,228.43228200371058,
2000-08-31,716.6304950698217,209.82745686421603,,,152.26666666666665,170.86614173228347,231.00649350649354,
2000-09-30,678.3029644185902,205.10127531882972,,,151.2,170.86614173228347,231.00649350649354,
2000-10-31,674.9457137846566,205.10127531882972,,,151.2,169.29133858267716,226.6465677179963,
2000-11-30,620.9037485840337,201.80045011252813,,,150.39999999999998,169.0288713910761,221.1966604823748,
2000-12-31,623.4205481664884,199.69992498124532,,,149.86666666666667,169.0288713910761,221.1966604823748,
2001-01-31,645.0137017845534,199.69992498124532,,,149.86666666666667,168.24146981627297,208.1168831168831,
2001-02-28,585.4849129064513,208.6271567891973,,,152.0,167.71653543307087,200.78849721706865,
2001-03-31,547.8940233935438,195.79894973743436,,,148.93333333333334,167.71653543307087,200.78849721706865,
2001-04-30,589.9801530547768,195.79894973743436,,,148.93333333333334,165.09186351706037,180.8209647495362,
2001-05-31,592.9832625968588,240.21005251312832,,,158.4,167.45406824146983,167.81076066790354,
2001-06-30,578.1376956937187,252.5881470367592,,,160.4,167.45406824146983,167.81076066790354,
2001-07-31,571.9284103552262,252.5881470367592,,,160.4,165.87926509186352,143.83116883116884,
2001-08-31,535.2629911175085,283.94598649662413,,,164.8,165.09186351706037,131.86456400742114,
2001-09-30,491.5194765351986,283.94598649662413,,,164.8,165.09186351706037,131.86456400742114,
2001-10-31,500.4155422634164,297.97449362340586,,,166.4,161.67979002624674,114.65677179962894,
2001-11-30,538.0347330907932,327.231807951988,,,169.46666666666667,163.51706036745406,109.71706864564008,
2001-12-31,542.1097188933034,327.231807951988,,,169.46666666666667,164.04199475065616,105.03246753246754,
2002-01-31,533.6669929579585,327.231807951988,,,169.46666666666667,163.7795275590551,104.80055658627087,
2002-02-28,522.5847515572568,334.35858964741186,,,170.13333333333333,162.46719160104988,104.40630797773656,
2002-03-31,541.7839367560728,350.41260315078773,,,171.46666666666667,162.46719160104988,104.40630797773656,
2002-04-30,508.5088535993465,328.6571642910728,,,169.6,162.72965879265092,106.09925788497219,
2002-05-31,503.8908399279671,310.6526631657914,,,167.86666666666667,161.1548556430446,108.95176252319109,
2002-06-30,467.3812508402853,310.6526631657914,,,167.86666666666667,161.1548556430446,108.95176252319109,
2002-07-31,430.45613389922516,243.51087771942989,,,158.93333333333334,153.54330708661416,116.18738404452691,
2002-08-31,432.55737680822557,236.53413353338334,,,157.73333333333335,153.54330708661416,116.18738404452691,
2002-09-30,384.965546319842,236.53413353338334,,,157.73333333333335,152.23097112860893,124.74489795918369,
2002-10-31,418.2453559690051,219.3548387096774,,,154.4,151.18110236220474,121.15027829313544,
2002-11-30,442.1144597957781,240.285071267817,,,158.4,151.18110236220474,121.15027829313544,
2002-12-31,415.4405573687386,240.285071267817,,,158.4,153.01837270341207,114.63358070500928,
2003-01-31,404.05138216040183,240.285071267817,,,158.4,152.75590551181102,117.9035250463822,
2003-02-28,397.1810507424988,240.285071267817,,,158.4,149.34383202099738,120.73283858998145,
2003-03-31,400.50051825701365,240.285071267817,,,158.4,149.60629921259843,123.72448979591837,
2003-04-30,432.9587251842936,210.42760690172543,,,152.4,152.23097112860893,129.75417439703156,
2003-05-31,454.99576561035803,211.8529632408102,,,152.8,152.23097112860893,129.75417439703156,
2003-06-30,460.1473253456572,211.8529632408102,,,152.8,156.95538057742783,141.37291280148423,
2003-07-31,467.6126184090828,207.42685671417854,,,151.73333333333335,156.95538057742783,146.70686456400745,
2003-08-31,475.9703539407924,199.32483120780196,,,149.86666666666667,156.95538057742783,146.70686456400745,
2003-09-30,470.2851905014217,199.32483120780196,,,149.86666666666667,157.21784776902888,156.58627087198516,
2003-10-31,496.13276371414116,185.6714178544636,,,146.13333333333333,157.48031496062993,170.52411873840447,
2003-11-30,499.6694481402189,185.6714178544636,,,146.13333333333333,157.48031496062993,170.52411873840447,
2003-12-31,525.0354378857477,166.3165791447862,,,139.86666666666667,157.74278215223097,198.79406307977737,
2004-01-31,534.1061532735212,166.3165791447862,,,139.86666666666667,157.74278215223097,198.79406307977737,
2004-02-29,540.6270412719336,166.3165791447862,,,139.86666666666667,157.74278215223097,198.79406307977737,
2004-03-31,531.7829669605209,162.11552888222056,,,138.26666666666668,158.00524934383202,208.58070500927647,
2004-04-30,522.8539310655489,159.26481620405102,,,137.2,157.74278215223097,213.45083487940633,
2004-05-31,529.1718104497849,159.26481620405102,,,137.2,157.74278215223097,213.45083487940633,
2004-06-30,538.6910814978427,151.31282820705175,,,133.86666666666667,156.95538057742783,222.4953617810761,
2004-07-31,520.2190844524769,146.36159039759943,,,131.60000000000002,156.95538057742783,222.4953617810761,
2004-08-31,521.409007743522,146.36159039759943,,,131.60000000000002,154.33070866141733,227.01762523191098,
2004-09-30,526.291416790605,145.16129032258064,,,131.06666666666666,155.11811023622047,228.66419294990723,
2004-10-31,533.6669929579585,144.41110277569393,,,130.8,155.11811023622047,228.66419294990723,
2004-11-30,554.263836554433,150.4126031507877,,,133.46666666666667,156.43044619422574,229.40630797773656,
2004-12-31,572.2542501326084,153.6384096024006,,,134.93333333333334,157.48031496062993,231.26159554730984,
2005-01-31,557.7816726509153,153.6384096024006,,,134.93333333333334,156.1679790026247,232.97773654916512,
2005-02-28,568.3256126751846,150.86271567891973,,,133.73333333333335,156.43044619422574,233.81261595547312,
2005-03-31,557.4605593659699,148.8372093023256,,,132.8,155.64304461942257,234.1836734693878,
2005-04-30,546.2508179497772,142.68567141785445,,,129.86666666666667,155.64304461942257,234.1836734693878,
2005-05-31,562.6121479213448,142.68567141785445,,,129.86666666666667,153.8057742782152,240.67717996289426,
2005-06-30,562.5318551900706,142.5356339084771,,,129.86666666666667,154.33070866141733,244.48051948051952,
2005-07-31,582.7651623499717,142.5356339084771,,,129.86666666666667,154.33070866141733,244.48051948051952,
2005-08-31,576.2253107416601,140.4351087771943,,,128.8,154.33070866141733,250.30148423005568,
2005-09-30,580.2295144379214,138.3345836459115,,,127.73333333333333,154.06824146981626,251.321892393321,
2005-10-31,569.935790312045,138.3345836459115,,,127.73333333333333,152.23097112860893,255.0556586270872,
2005-11-30,589.9896060396504,135.1087771942986,,,126.0,153.28083989501312,261.3636363636364,
2005-12-31,589.4277298411855,135.55888972243062,,,126.26666666666667,153.28083989501312,261.3636363636364,
2006-01-31,604.4385510591594,135.55888972243062,,,126.26666666666667,154.06824146981626,268.2745825602969,
2006-02-28,604.7124570598883,133.53338334583646,,,125.06666666666668,153.54330708661416,271.3358070500928,
2006-03-31,611.4222318353186,133.53338334583646,,,125.06666666666668,153.8057742782152,273.3998144712431,
2006-04-30,618.8544682717624,133.53338334583646,,,125.06666666666668,153.8057742782152,273.3998144712431,
2006-05-31,599.7213963269102,130.9827456864216,,,123.6,152.75590551181102,274.2578849721707,
2006-06-30,599.7733301035635,126.18154538634658,,,120.8,150.91863517060366,275.95083487940633,
2006-07-31,602.8237045700139,126.18154538634658,,,120.8,150.65616797900265,280.17161410018554,
2006-08-31,615.6482924753519,125.05626406601651,,,120.0,151.4435695538058,284.62430426716145,
2006-09-30,630.7724918716578,125.80645161290323,,,120.53333333333333,151.4435695538058,284.62430426716145,
2006-10-31,650.646873807119,125.80645161290323,,,120.53333333333333,153.01837270341207,296.3126159554731,
2006-11-30,661.3608522788106,129.3323330832708,,,122.66666666666667,153.54330708661416,300.417439703154,
2006-12-31,669.7044371532855,130.3825956489122,,,123.33333333333333,153.54330708661416,300.417439703154,
2007-01-31,679.1198406480368,130.3825956489122,,,123.33333333333333,153.8057742782152,304.7077922077922,
2007-02-28,664.2836690896185,131.2078019504876,,,123.73333333333333,154.06824146981626,305.1252319109462,
2007-03-31,670.9132087739263,126.93173293323332,,,121.2,154.06824146981626,305.1252319109462,
2007-04-30,699.9575047981824,126.93173293323332,,,121.2,153.8057742782152,304.54545454545456,
2007-05-31,722.7405817072927,134.43360840210056,,,125.6,154.85564304461943,304.82374768089056,
2007-06-30,709.8640023851494,133.75843960990247,,,125.2,154.85564304461943,304.82374768089056,
2007-07-31,687.1612182073135,133.75843960990247,,,125.2,154.33070866141733,298.84044526901675,
2007-08-31,696.0005660262893,135.18379594898724,,,126.0,151.70603674540683,291.76716141001856,
2007-09-30,720.9132159789452,135.18379594898724,,,126.0,151.70603674540683,291.76716141001856,
2007-10-31,731.5988354960158,155.13878469617404,,,135.46666666666667,153.54330708661416,267.88033395176257,
2007-11-30,699.3767226299702,156.11402850712676,,,135.86666666666667,150.65616797900265,251.48423005565866,
2007-12-31,693.342144591185,156.11402850712676,,,135.86666666666667,150.91863517060366,236.85064935064935,
2008-01-31,650.9349592851584,156.11402850712676,,,135.86666666666667,146.71916010498688,228.80333951762526,
2008-02-29,628.3076837060081,163.09077269317328,,,138.66666666666669,145.6692913385827,221.28942486085344,
2008-03-31,624.5632065331654,163.09077269317328,,,138.66666666666669,143.5695538057743,212.59276437847868,
2008-04-30,654.2591244720343,179.14478619654912,,,144.13333333333333,145.40682414698162,200.78849721706865,
2008-05-31,661.2428052481935,193.62340585146285,,,148.26666666666665,145.40682414698162,200.78849721706865,
2008-06-30,604.4007967598164,193.62340585146285,,,148.26666666666665,143.8320209973753,176.46103896103898,
2008-07-31,598.4417849598688,190.3225806451613,,,147.46666666666667,139.89501312335958,169.36456400742117,
2008-08-31,605.7370683959481,201.2753188297074,,,150.26666666666665,139.89501312335958,169.36456400742117,
2008-09-30,550.7413316056659,201.2753188297074,,,150.26666666666665,137.79527559055117,157.8617810760668,
2008-10-31,457.43224364146266,204.20105026256564,,,151.06666666666666,122.30971128608924,123.53896103896105,
2008-11-30,423.1938782700519,204.20105026256564,,,151.06666666666666,122.30971128608924,123.53896103896105,
2008-12-31,426.50392161976896,442.4606151537884,,,177.33333333333334,115.2230971128609,53.20037105751392,
2009-01-31,389.97072888997894,442.4606151537884,,,177.33333333333334,115.2230971128609,53.20037105751392,
2009-02-28,347.10077962628145,442.4606151537884,,,177.33333333333334,115.2230971128609,53.20037105751392,
2009-03-31,376.7447349684211,442.4606151537884,,,177.33333333333334,105.51181102362204,24.23469387755102,
2009-04-30,412.1305140190215,899.0997749437358,,,188.93333333333334,117.32283464566929,24.95361781076067,
2009-05-31,434.00699780261334,928.2070517629406,,,189.2,117.32283464566929,24.95361781076067,
2009-06-30,434.0919882062486,925.1312828207052,,,189.2,127.55905511811024,26.182745825602964,
2009-07-31,466.27631795287544,764.2160540135034,,,186.93333333333334,129.9212598425197,32.073283858998145,
2009-08-31,481.9246392483033,764.2160540135034,,,186.93333333333334,136.48293963254594,37.82467532467532,
2009-09-30,499.1405997486601,624.9062265566391,,,184.0,139.89501312335958,43.64564007421151,
2009-10-31,489.2765829534727,315.97899474868717,,,168.4,139.89501312335958,43.64564007421151,
2009-11-30,517.3434749258856,315.97899474868717,,,168.4,144.88188976377953,132.58348794063082,
2009-12-31,526.536963836713,163.390847711928,,,138.8,146.98162729658793,177.41187384044528,
2010-01-31,507.06865676975656,163.390847711928,,,138.8,146.98162729658793,177.41187384044528,
2010-02-28,521.5270547741392,141.86046511627907,,,129.46666666666667,146.98162729658793,177.41187384044528,
2010-03-31,552.1909814201294,141.86046511627907,,,129.46666666666667,150.13123359580052,210.43599257884972,
2010-04-30,560.340895384998,142.61065266316578,,,129.86666666666667,151.96850393700788,217.16141001855286,
2010-05-31,514.4064786377672,142.61065266316578,,,129.86666666666667,151.96850393700788,217.16141001855286,
2010-06-30,486.68900126476905,121.15528882220555,,,117.46666666666667,146.71916010498688,231.40074211502784,
2010-07-31,520.1624241833867,117.92948237059264,,,115.19999999999999,146.71916010498688,231.40074211502784,
2010-08-31,495.4811417995284,117.92948237059264,,,115.19999999999999,146.1942257217848,241.95269016697586,
2010-09-30,538.8610623051133,117.10427606901726,,,114.66666666666666,147.76902887139107,247.2866419294991,
2010-10-31,558.7213224034157,119.27981995498875,,,116.13333333333333,147.76902887139107,247.2866419294991,
2010-11-30,557.4417110363743,119.12978244561141,,,116.0,150.39370078740157,259.4387755102041,
2010-12-31,593.8426772582367,120.40510127531883,,,116.93333333333332,151.96850393700788,265.28293135435996,
2011-01-31,607.2905857637184,120.40510127531883,,,116.93333333333332,153.01837270341207,268.5296846011132,
2011-02-28,626.6975060691477,123.9309827456864,,,119.33333333333334,153.8057742782152,271.6836734693878,
2011-03-31,626.0411576620982,120.33008252063016,,,116.93333333333332,152.75590551181102,273.4925788497217,
2011-04-30,643.8804387625985,121.60540135033759,,,117.73333333333333,152.75590551181102,273.4925788497217,
2011-05-31,635.187439288709,121.60540135033759,,,117.73333333333333,152.75590551181102,276.1595547309833,
2011-06-30,623.590528973759,115.15378844711176,,,113.06666666666668,150.39370078740157,279.2903525046383,
2011-07-31,610.1992807373674,117.10427606901726,,,114.53333333333333,150.39370078740157,279.2903525046383,
2011-08-31,575.5453875125781,103.45086271567891,,,103.33333333333333,144.88188976377953,285.1576994434137,
2011-09-30,534.2431062738856,101.27531882970742,,,101.2,143.5695538057743,288.1725417439703,
2011-10-31,591.7933969459654,101.27531882970742,,,101.2,144.35695538057743,288.7291280148423,
2011-11-30,588.7996827486053,105.77644411102776,,,105.46666666666667,144.35695538057743,288.93784786641936,
2011-12-31,593.8237712884894,107.27681920480121,,,106.8,144.35695538057743,288.93784786641936,
2012-01-31,619.7044299482666,107.27681920480121,,,106.8,145.93175853018374,290.0974025974026,
2012-02-29,644.8579004545935,115.30382595648912,,,113.2,147.50656167979002,290.5844155844156,
2012-03-31,665.062791019722,117.70442610652663,,,115.06666666666666,147.50656167979002,290.5844155844156,
2012-04-30,660.0765144193324,117.70442610652663,,,115.06666666666666,147.50656167979002,288.58998144712433,
2012-05-31,618.7222417638347,114.17854463615905,,,112.4,145.14435695538057,288.2421150278293,
2012-06-30,643.1957890410797,112.90322580645163,,,111.46666666666667,145.14435695538057,288.2421150278293,
2012-07-31,651.2984957217318,112.90322580645163,,,111.46666666666667,144.61942257217848,286.8970315398887,
2012-08-31,664.1703485514381,121.08027006751689,,,117.33333333333333,145.40682414698162,283.7662337662338,
2012-09-30,680.2672831473021,121.08027006751689,,,117.33333333333333,145.40682414698162,283.7662337662338,
2012-10-31,666.8051951645101,124.68117029257316,,,119.73333333333333,144.88188976377953,281.0992578849722,
2012-11-30,668.7034006392581,120.93023255813955,,,117.33333333333333,142.25721784776903,282.44434137291285,
2012-12-31,673.4299507162293,120.93023255813955,,,117.33333333333333,142.25721784776903,283.2096474953618,
2013-01-31,707.3897412346261,120.93023255813955,,,117.33333333333333,144.09448818897638,283.67346938775506,
2013-02-28,715.213930702416,129.9324831207802,,,123.06666666666666,144.88188976377953,282.65306122448976,
2013-03-31,740.9528522292401,132.63315828957238,,,124.53333333333333,144.88188976377953,282.65306122448976,
2013-04-30,754.3535534505052,132.70817704426108,,,124.66666666666666,145.6692913385827,286.98979591836735,
2013-05-31,770.0160542232435,136.90922730682672,,,126.93333333333334,147.24409448818898,289.9814471243043,
2013-06-30,758.4663511925098,136.90922730682672,,,126.93333333333334,147.24409448818898,289.9814471243043,
2013-07-31,795.98167446658,135.93398349587397,,,126.4,146.98162729658793,296.3358070500928,
2013-08-31,771.0690245139242,134.35858964741186,,,125.6,146.98162729658793,296.3358070500928,
2013-09-30,794.0079603931462,134.35858964741186,,,125.6,146.45669291338584,302.9452690166976,
2013-10-31,829.4173430858548,133.9834958739685,,,125.33333333333334,147.24409448818898,309.99536178107604,
2013-11-30,852.6820611023074,136.15903975993996,,,126.53333333333333,147.24409448818898,309.99536178107604,
2013-12-31,872.7736311292556,136.15903975993996,,,126.53333333333333,149.0813648293963,323.1910946196661,
2014-01-31,841.7178090920711,136.15903975993996,,,126.53333333333333,149.0813648293963,322.6808905380334,
2014-02-28,878.0101812681901,136.15903975993996,,,126.53333333333333,148.29396325459317,322.1938775510204,
2014-03-31,884.0966930836285,136.15903975993996,,,126.53333333333333,149.0813648293963,320.82560296846015,
2014-04-30,889.5787902686708,137.65941485371346,,,127.33333333333333,148.55643044619424,322.17068645640074,
2014-05-31,908.2868813752709,138.48462115528883,,,127.73333333333333,148.55643044619424,322.17068645640074,
2014-06-30,925.5973140842125,138.48462115528883,,,127.73333333333333,149.60629921259843,325.208719851577,
2014-07-31,911.6394631569195,142.23555888972243,,,129.73333333333335,149.86876640419948,328.33951762523196,
2014-08-31,945.9675166043265,140.13503375843962,,,128.66666666666669,149.86876640419948,328.33951762523196,
2014-09-30,931.2919305084569,140.13503375843962,,,128.66666666666669,149.34383202099738,334.6011131725418,
2014-10-31,952.8992636038323,138.78469617404352,,,127.86666666666666,147.50656167979002,331.6094619666049,
2014-11-30,976.2773021584652,138.78469617404352,,,127.86666666666666,147.50656167979002,331.6094619666049,
2014-12-31,972.188079238493,150.6376594148537,,,133.6,149.60629921259843,327.50463821892396,
2015-01-31,942.0105778324335,150.6376594148537,,,133.6,149.60629921259843,327.50463821892396,
2015-02-28,993.7199037351826,150.6376594148537,,,133.6,149.60629921259843,327.50463821892396,
2015-03-31,976.4330458482735,150.6376594148537,,,133.6,148.55643044619424,315.9554730983303,
2015-04-30,984.7530559007159,160.6901725431358,,,137.73333333333332,148.55643044619424,310.7142857142857,
2015-05-31,995.0844766857834,164.4411102775694,,,139.2,148.55643044619424,310.7142857142857,
2015-06-30,974.1760880695406,165.94148537134282,,,139.73333333333335,147.76902887139107,298.956400742115,
2015-07-31,993.4083010752627,168.04201050262563,,,140.53333333333333,147.24409448818898,294.48051948051955,
2015-08-31,931.2399967318033,168.04201050262563,,,140.53333333333333,145.6692913385827,290.42207792207796,
2015-09-30,906.6153746170352,160.9152288072018,,,137.86666666666667,142.51968503937007,286.38682745825605,
2015-10-31,981.8491450596554,170.14253563390847,,,141.2,142.51968503937007,286.38682745825605,
2015-11-30,982.3448503640047,170.14253563390847,,,141.2,145.6692913385827,278.40909090909093,
2015-12-31,965.1241633712111,178.09452363090773,,,143.86666666666667,144.61942257217848,275.0,
2016-01-31,916.1582781272772,178.09452363090773,,,143.86666666666667,144.61942257217848,275.0,
2016-02-29,912.3760466550916,165.19129782445611,,,139.46666666666667,139.63254593175853,274.11873840445276,
2016-03-31,972.5847587622758,175.46886721680423,,,142.93333333333334,143.04461942257217,272.8432282003711,
2016-04-30,975.2101523904739,179.81995498874718,,,144.4,143.04461942257217,272.8432282003711,
2016-05-31,990.1548603544841,179.81995498874718,,,144.4,143.8320209973753,271.4749536178108,
2016-06-30,991.0568134477933,179.81995498874718,,,144.4,144.09448818897638,271.08070500927647,
2016-07-31,1026.3481491098848,183.94598649662416,,,145.6,144.09448818897638,271.08070500927647,
2016-08-31,1025.0967814171609,184.32108027006754,,,145.73333333333332,145.6692913385827,275.7884972170687,
2016-09-30,1023.83134952743,181.69542385596398,,,144.93333333333334,145.14435695538057,277.38868274582563,
2016-10-31,1003.9427304745067,181.69542385596398,,,144.93333333333334,144.61942257217848,282.69944341372917,
2016-11-30,1038.2519932324699,175.16879219804952,,,142.93333333333334,144.88188976377953,288.7987012987013,
2016-12-31,1057.1489711160878,178.24456114028507,,,143.86666666666667,144.88188976377953,288.7987012987013,
2017-01-31,1076.0554019845792,178.24456114028507,,,143.86666666666667,146.98162729658793,298.58534322820043,
2017-02-28,1116.0826830683638,177.64441110277568,,,143.73333333333335,148.03149606299212,303.5482374768089,
2017-03-31,1115.6483068853897,177.0442610652663,,,143.46666666666667,148.55643044619424,309.20686456400745,
2017-04-30,1125.7908985335912,177.0442610652663,,,143.46666666666667,148.55643044619424,309.20686456400745,
2017-05-31,1138.8233368258461,174.86871717929483,,,142.8,148.55643044619424,315.6771799628943,
2017-06-30,1144.305376370737,175.54388597149287,,,143.06666666666666,149.0813648293963,319.2022263450835,
2017-07-31,1166.4463419902597,175.54388597149287,,,143.06666666666666,149.0813648293963,322.54174397031545,
2017-08-31,1167.0837267874101,173.74343585896474,,,142.39999999999998,148.81889763779526,324.72170686456406,
2017-09-30,1189.6119189458423,174.6436609152288,,,142.66666666666666,148.81889763779526,324.72170686456406,
2017-10-31,1216.007188879716,174.6436609152288,,,142.66666666666666,150.39370078740157,329.15120593692023,
2017-11-30,1250.1558661751308,178.61965491372843,,,144.0,150.65616797900265,332.00371057513917,
2017-12-31,1262.446936836625,181.92048012003002,,,145.06666666666666,150.65616797900265,332.00371057513917,
2018-01-31,1333.369569775349,181.92048012003002,,,145.06666666666666,153.54330708661416,338.84508348794066,
2018-02-28,1281.4383292886757,178.69467366841712,,,144.0,151.70603674540683,342.90352504638224,
2018-03-31,1246.9875023182149,175.61890472618154,,,143.06666666666666,151.70603674540683,342.90352504638224,
2018-04-30,1250.3777807590545,175.61890472618154,,,143.06666666666666,150.13123359580052,353.38589981447126,
2018-05-31,1277.3963712930718,168.7171792948237,,,140.66666666666666,150.65616797900265,358.9285714285715,
2018-06-30,1283.582081809532,168.7171792948237,,,140.66666666666666,150.65616797900265,358.9285714285715,
2018-07-31,1329.8187058719607,168.7171792948237,,,140.66666666666666,151.70603674540683,373.19109461966605,
2018-08-31,1370.063290327536,167.81695423855965,,,140.4,152.23097112860893,380.84415584415586,
2018-09-30,1375.9467358886461,167.81695423855965,,,140.4,152.23097112860893,380.84415584415586,
2018-10-31,1280.4514146118074,159.41485371342836,,,137.2,150.13123359580052,389.54081632653066,
2018-11-30,1303.319453104477,155.0637659414854,,,135.46666666666667,148.55643044619424,392.8571428571429,
2018-12-31,1183.7048409225479,155.0637659414854,,,135.46666666666667,145.14435695538057,396.10389610389615,
2019-01-31,1276.8439480794805,155.0637659414854,,,135.46666666666667,145.40682414698162,397.3330241187385,
2019-02-28,1314.8031005213984,154.53863465866468,,,135.33333333333334,148.03149606299212,397.6576994434137,
2019-03-31,1338.3699682128974,156.48912228057014,,,136.13333333333333,148.03149606299212,397.6576994434137,
2019-04-30,1390.9859737013926,161.74043510877718,,,138.13333333333333,150.13123359580052,396.15027829313544,
2019-05-31,1299.4900719882264,158.66466616654162,,,136.93333333333334,148.81889763779526,396.1734693877552,
2019-06-30,1389.0641357644604,158.66466616654162,,,136.93333333333334,148.81889763779526,396.1734693877552,
2019-07-31,1407.2999811084403,167.1417854463616,,,140.13333333333333,150.65616797900265,393.9935064935065,
2019-08-31,1381.8396344346302,162.56564141035258,,,138.53333333333333,150.65616797900265,393.9935064935065,
2019-09-30,1405.5812670659882,162.56564141035258,,,138.53333333333333,149.60629921259843,389.0769944341373,
2019-10-31,1434.2997809530136,165.34133533383346,,,139.46666666666667,149.34383202099738,394.57328385899814,
2019-11-30,1483.13343968902,169.69242310577647,,,141.06666666666666,149.34383202099738,394.57328385899814,
2019-12-31,1525.5359561427615,169.69242310577647,,,141.06666666666666,151.96850393700788,407.9545454545455,
2020-01-31,1523.0522420073644,169.69242310577647,,,141.06666666666666,153.01837270341207,383.90538033395177,
2020-02-29,1394.9475813255708,169.69242310577647,,,141.06666666666666,153.01837270341207,383.90538033395177,
2020-03-31,1220.4127409520452,169.69242310577647,,,141.06666666666666,140.9448818897638,338.7755102040817,
2020-04-30,1375.2148212427592,187.3218304576144,,,146.53333333333333,143.30708661417322,324.3506493506494,
2020-05-31,1437.4870507796768,208.702175543886,,,152.13333333333333,143.30708661417322,324.3506493506494,
2020-06-30,1463.9201326530451,234.7336834208552,,,157.33333333333331,149.60629921259843,289.33209647495363,
2020-07-31,1544.5840665040541,243.3608402100525,,,158.93333333333334,151.4435695538058,286.8970315398887,
2020-08-31,1652.8048346253613,243.3608402100525,,,158.93333333333334,154.33070866141733,285.0185528756958,
2020-09-30,1587.9686558619242,257.08927231807957,,,161.06666666666666,154.06824146981626,283.65027829313544,
2020-10-31,1544.0362545025964,264.81620405101273,,,162.26666666666665,154.06824146981626,283.65027829313544,
2020-11-30,1710.0906146414343,264.81620405101273,,,162.26666666666665,156.69291338582678,275.834879406308,
2020-12-31,1773.5716734391442,294.5236309077269,,,166.0,158.5301837270341,271.6372912801484,
2021-01-31,1753.8200073865855,294.5236309077269,,,166.0,158.5301837270341,271.6372912801484,
2021-02-28,1799.579716834109,249.3623405851463,,,159.86666666666667,158.5301837270341,271.6372912801484,
2021-03-31,1875.951419150969,228.80720180045012,,,156.26666666666668,161.4173228346457,363.7987012987013,
2021-04-30,1974.2987751323672,224.45611402850716,,,155.46666666666667,163.51706036745406,389.517625231911,
2021-05-31,1985.130742994524,224.45611402850716,,,155.46666666666667,163.51706036745406,389.517625231911,
2021-06-30,2029.228456308837,200.30007501875468,,,150.0,164.04199475065616,439.2161410018553,
2021-07-31,2075.3894564922766,199.24981245311326,,,149.73333333333332,164.04199475065616,439.2161410018553,
2021-08-31,2135.5558607281364,199.24981245311326,,,149.73333333333332,165.35433070866142,466.6512059369203,
2021-09-30,2033.9692435032703,190.17254313578397,,,147.46666666666667,165.09186351706037,480.56586270871986,
2021-10-31,2174.605680119926,182.9707426856714,,,145.33333333333334,165.09186351706037,480.56586270871986,
2021-11-30,2156.4831553141266,183.94598649662416,,,145.6,166.14173228346456,514.8423005565862,
2021-12-31,2250.533668549242,177.26931732933232,,,143.6,166.14173228346456,533.4647495361781,
2022-01-31,2132.188984188874,177.26931732933232,,,143.6,165.09186351706037,529.0584415584416,
2022-02-28,2065.3224887230645,168.192048012003,,,140.53333333333333,163.51706036745406,524.3042671614102,
2022-03-31,2139.205865692394,166.46661665416354,,,139.86666666666667,162.99212598425197,517.4397031539888,
2022-04-30,1951.0483518735282,168.04201050262563,,,140.53333333333333,162.99212598425197,517.4397031539888,
2022-05-31,1951.1521041465314,168.04201050262563,,,140.53333333333333,158.79265091863516,499.2578849721707,
2022-06-30,1787.4114196956687,152.1380345086272,,,134.26666666666665,156.95538057742783,487.73191094619665,
2022-07-31,1950.2738987957098,154.01350337584395,,,135.06666666666666,156.95538057742783,487.73191094619665,
2022-08-31,1867.5040243633393,165.26631657914479,,,139.46666666666667,159.0551181102362,479.1975881261596,
2022-09-30,1693.087231020431,154.3885971492873,,,135.2,155.38057742782152,473.7940630797774,
2022-10-31,1828.3029572135713,154.3885971492873,,,135.2,153.54330708661416,459.8330241187385,
2022-11-30,1926.5795310887204,165.56639159789947,,,139.6,155.64304461942257,448.2374768089054,
2022-12-31,1812.9662962182151,169.91747936984245,,,141.06666666666666,155.64304461942257,448.2374768089054,
2023-01-31,1924.9221461676432,169.91747936984245,,,141.06666666666666,155.38057742782152,436.06215213358075,
2023-02-28,1874.6576283066172,175.54388597149287,,,143.06666666666666,156.43044619422574,435.6679035250464,
2023-03-31,1940.3674012087429,169.99249812453115,,,141.2,154.85564304461943,436.2244897959184,
2023-04-30,1968.7789236479819,169.99249812453115,,,141.2,154.85564304461943,436.2244897959184,
2023-05-31,1973.6661168276535,173.66841710427605,,,142.39999999999998,156.69291338582678,442.5788497217069,
2023-06-30,2101.416521137292,180.1200300075019,,,144.4,158.5301837270341,445.9415584415584,
2023-07-31,2166.8523880386883,180.1200300075019,,,144.4,159.84251968503938,447.75046382189237,
2023-08-31,2128.4635859062337,181.24531132783196,,,144.8,159.0551181102362,448.4461966604824,
2023-09-30,2024.766186327266,179.5198799699925,,,144.26666666666665,159.0551181102362,448.4461966604824,
2023-10-31,1980.2624557845998,179.5198799699925,,,144.26666666666665,156.95538057742783,456.79499072356214,
2023-11-30,2156.860813587859,176.36909227306828,,,143.33333333333334,158.79265091863516,464.40166975881266,
2023-12-31,2252.257109084131,182.67066766691673,,,145.2,158.79265091863516,464.40166975881266,
2024-01-31,2288.0583295278825,182.67066766691673,,,145.2,161.4173228346457,468.13543599257895,
2024-02-29,2406.39817211551,196.09902475618907,,,148.93333333333334,162.99212598425197,464.4248608534323,
2024-03-31,2481.0417074050447,202.70067516879217,,,150.66666666666666,162.99212598425197,464.4248608534323,
2024-04-30,2377.792978766665,198.12453113278318,,,149.46666666666667,163.25459317585302,462.4536178107607,
2024-05-31,2491.977427540205,202.02550637659417,,,150.53333333333333,164.04199475065616,465.3061224489796,
2024-06-30,2578.3737897549527,202.02550637659417,,,150.53333333333333,164.04199475065616,465.3061224489796,
2024-07-31,2607.564376484144,210.65266316579147,,,152.53333333333333,165.61679790026247,471.6836734693877,
2024-08-31,2667.1073448395564,207.57689422355588,,,151.86666666666667,165.61679790026247,471.6836734693877,
2024-09-30,2720.974602740472,207.57689422355588,,,151.86666666666667,165.87926509186352,477.435064935065,
2024-10-31,2694.045815562755,213.4283570892723,,,153.2,166.4041994750656,484.74025974025983,
2024-11-30,2848.418130882628,215.00375093773445,,,153.46666666666667,166.4041994750656,484.74025974025983,
2024-12-31,2777.2357714204854,215.00375093773445,,,153.46666666666667,167.45406824146983,500.556586270872,
2025-01-31,2852.266417968626,215.00375093773445,,,153.46666666666667,166.9291338582677,502.4582560296846,
2025-02-28,2811.6441752393184,215.00375093773445,,,153.46666666666667,167.19160104986878,505.3571428571429,
2025-03-31,2649.8489611875716,215.00375093773445,,,153.46666666666667,164.8293963254593,509.3228200371058,
2025-04-30,2629.6440129822913,184.24606151537884,,,145.73333333333332,162.46719160104988,512.2912801484231,
2025-05-31,2791.4297740491643,197.59939984996248,,,149.33333333333334,162.46719160104988,512.2912801484231,
2025-06-30,2929.9037827358234,197.59939984996248,,,149.33333333333334,166.4041994750656,518.5760667903526,
2025-07-31,2993.3847262532304,212.30307576894222,,,152.93333333333334,167.71653543307087,518.5760667903526,
2025-08-31,3050.4579293899496,216.05401350337584,,,153.73333333333335,167.71653543307087,518.5760667903526,
2025-09-30,3158.2113511615285,216.05401350337584,,,153.73333333333335,168.76640419947506,518.5760667903526,
2025-10-31,3229.8612875340064,227.08177044261063,,,156.0,169.29133858267716,518.5760667903526,
2025-11-30,3234.058873939115,227.08177044261063,,,156.0,169.29133858267716,518.5760667903526,
2025-12-31,3232.363792358847,231.0577644411103,,,156.66666666666666,169.81627296587928,518.5760667903526,
2026-01-31,3246.5861539421467,232.93323330832706,,,157.06666666666666,170.07874015748033,518.5760667903526,
